% ***** Bibliographie - UCB15 *****

@phdthesis{vandongen00,
  added-at = {2009-09-10T14:36:22.000+0200},
  author = {van Dongen, Stijn},
  biburl = {http://www.bibsonomy.org/bibtex/282b0c08517e642a5822b831508225133/gregoryy},
  interhash = {ca6f6746913ce2336e48391265860907},
  intrahash = {82b0c08517e642a5822b831508225133},
  keywords = {imported},
  owner = {gregor},
  school = {University of Utrecht},
  timestamp = {2009-09-10T14:36:48.000+0200},
  title = {Graph Clustering by Flow Simulation},
  year = 2000
}

